id,symbol,fiscalDateEnding,reportedDate,reportedEPS,estimatedEPS,surprise,surprisePercentage,created_at,updated_at,reportedCurrency,totalRevenue,costOfRevenue,operatingIncome,grossProfit,operatingCashflow,netIncome
336,LOW,2021-10-31,2021-11-17,2.73,2.3522,0.3778,16.0616,2021-11-30 11:22:56 UTC,2021-11-30 11:22:56 UTC,,,,,,,
316,LOW,2021-10-29,,,,,,2021-11-30 11:22:52 UTC,2021-11-30 11:22:53 UTC,USD,22694000000,20129000000,2789000000,7587000000,2266000000,1896000000
437,FANG,2021-09-30,2021-11-01,2.94,2.7875,0.1525,5.4709,2021-11-30 11:24:27 UTC,2021-11-30 11:24:29 UTC,USD,1910000000,38000000,1164000000,1872000000,1199000000,649000000
218,AMZN,2021-09-30,2021-10-28,6.12,8.8964,-2.7764,-31.2081,2021-11-30 11:21:02 UTC,2021-11-30 11:21:04 UTC,USD,110212000000,75590000000,4852000000,34622000000,7313000000,3156000000
179,FB,2021-09-30,2021-10-25,3.22,3.178,0.042,1.3216,2021-11-30 11:18:02 UTC,2021-11-30 11:18:05 UTC,USD,29006000000,5771000000,10423000000,23235000000,14090000000,9194000000
170,U,2021-09-30,2021-11-09,-0.06,-0.0681,0.0081,11.8943,2021-11-30 10:45:16 UTC,2021-11-30 10:45:17 UTC,USD,286421000,242641000,-126750000,222811000,43623000,-115152000
67,AAPL,2021-09-30,2021-10-28,1.24,1.238,0.002,0.1616,2021-11-30 10:43:17 UTC,2021-11-30 10:43:20 UTC,USD,82688000000,53802000000,23786000000,35174000000,20200000000,20551000000
21,TSLA,2021-09-30,2021-10-20,1.86,1.6143,0.2457,15.2202,2021-11-30 10:42:34 UTC,2021-11-30 10:42:36 UTC,USD,13757000000,10097000000,2004000000,3660000000,3147000000,1618000000
1,GOOG,2021-09-30,,,,,,2021-11-30 10:29:40 UTC,2021-11-30 10:29:40 UTC,USD,64928000000,27621000000,21031000000,37307000000,,18936000000
337,LOW,2021-07-31,2021-08-18,4.25,4.005,0.245,6.1174,2021-11-30 11:22:56 UTC,2021-11-30 11:22:56 UTC,,,,,,,
317,LOW,2021-07-30,,,,,,2021-11-30 11:22:52 UTC,2021-11-30 11:22:53 UTC,USD,27350000000,23360000000,4210000000,9312000000,2421000000,3018000000
438,FANG,2021-06-30,2021-08-02,2.4,2.2007,0.1993,9.0562,2021-11-30 11:24:27 UTC,2021-11-30 11:24:29 UTC,USD,1681000000,36000000,955000000,1645000000,954000000,311000000
219,AMZN,2021-06-30,2021-07-29,15.12,12.287,2.833,23.0569,2021-11-30 11:21:02 UTC,2021-11-30 11:21:04 UTC,USD,112755000000,76347000000,7702000000,36408000000,12715000000,7778000000
180,FB,2021-06-30,2021-07-28,3.61,3.061,0.549,17.9353,2021-11-30 11:18:02 UTC,2021-11-30 11:18:05 UTC,USD,29073000000,5399000000,12367000000,23674000000,13247000000,10394000000
171,U,2021-06-30,2021-08-10,-0.02,-0.1163,0.0963,82.8031,2021-11-30 10:45:16 UTC,2021-11-30 10:45:17 UTC,USD,273170000,276091000,-149184000,215837000,-26681000,-148342000
68,AAPL,2021-06-30,2021-07-27,1.3,1.0143,0.2857,28.1672,2021-11-30 10:43:17 UTC,2021-11-30 10:43:20 UTC,USD,80769000000,51591000000,24126000000,35255000000,21094000000,21744000000
22,TSLA,2021-06-30,2021-07-26,1.45,0.9789,0.4711,48.1254,2021-11-30 10:42:34 UTC,2021-11-30 10:42:36 UTC,USD,11958000000,9074000000,1312000000,2884000000,2124000000,1142000000
2,GOOG,2021-06-30,,,,,,2021-11-30 10:29:40 UTC,2021-11-30 10:29:40 UTC,USD,61880000000,26227000000,19361000000,35653000000,,18525000000
318,LOW,2021-04-30,2021-05-19,3.21,2.587,0.623,24.0819,2021-11-30 11:22:52 UTC,2021-11-30 11:22:56 UTC,USD,24208000000,21177000000,3245000000,8130000000,4492000000,2321000000
439,FANG,2021-03-31,2021-05-03,2.3,1.8663,0.4337,23.2385,2021-11-30 11:24:27 UTC,2021-11-30 11:24:29 UTC,USD,1184000000,27000000,571000000,1157000000,624000000,220000000
220,AMZN,2021-03-31,2021-04-29,15.79,9.4385,6.3515,67.2935,2021-11-30 11:21:02 UTC,2021-11-30 11:21:04 UTC,USD,108088000000,73053000000,8865000000,35035000000,4213000000,8107000000
181,FB,2021-03-31,2021-04-28,3.3,2.3417,0.9583,40.9233,2021-11-30 11:18:02 UTC,2021-11-30 11:18:05 UTC,USD,26167000000,5131000000,11378000000,21036000000,12242000000,9497000000
172,U,2021-03-31,2021-05-11,-0.1,-0.1233,0.0233,18.897,2021-11-30 10:45:16 UTC,2021-11-30 10:45:17 UTC,USD,234750000,199032000,-110902000,176038000,-88882000,-107460000
69,AAPL,2021-03-31,2021-04-28,1.4,0.9888,0.4112,41.5858,2021-11-30 10:43:17 UTC,2021-11-30 10:43:20 UTC,USD,88914000000,56819000000,27503000000,38079000000,23981000000,23630000000
23,TSLA,2021-03-31,2021-04-26,0.93,0.7787,0.1513,19.4298,2021-11-30 10:42:34 UTC,2021-11-30 10:42:36 UTC,USD,10389000000,8174000000,594000000,2215000000,1641000000,438000000
3,GOOG,2021-03-31,,,,,,2021-11-30 10:29:40 UTC,2021-11-30 10:29:40 UTC,USD,55314000000,24103000000,16437000000,31211000000,,17930000000
338,LOW,2021-01-31,2021-02-24,1.33,1.2105,0.1195,9.872,2021-11-30 11:22:56 UTC,2021-11-30 11:22:56 UTC,,,,,,,
319,LOW,2021-01-29,,,,,,2021-11-30 11:22:52 UTC,2021-11-30 11:22:53 UTC,USD,20101000000,18787000000,1524000000,6456000000,-436000000,978000000
440,FANG,2020-12-31,2021-02-22,0.82,0.8367,-0.0167,-1.9959,2021-11-30 11:24:27 UTC,2021-11-30 11:24:29 UTC,USD,769000000,1047000000,-746000000,-278000000,403000000,-739000000
221,AMZN,2020-12-31,2021-02-02,14.09,7.0414,7.0486,100.1023,2021-11-30 11:21:02 UTC,2021-11-30 11:21:04 UTC,USD,125555000000,102441000000,6873000000,125555000000,30431000000,7222000000
182,FB,2020-12-31,2021-01-27,3.88,3.2358,0.6442,19.9085,2021-11-30 11:18:02 UTC,2021-11-30 11:18:05 UTC,USD,27940000000,5210000000,12775000000,22730000000,14040000000,11219000000
173,U,2020-12-31,2021-02-04,-0.1,-0.1456,0.0456,31.3187,2021-11-30 10:45:16 UTC,2021-11-30 10:45:17 UTC,USD,220873000,187292000,-80847000,167829000,14765000,-83502000
70,AAPL,2020-12-31,2021-01-27,1.68,1.4158,0.2642,18.6608,2021-11-30 10:43:17 UTC,2021-11-30 10:43:20 UTC,USD,110801000000,72742000000,33534000000,44328000000,38763000000,28755000000
24,TSLA,2020-12-31,2021-01-27,0.8,1.0514,-0.2514,-23.911,2021-11-30 10:42:34 UTC,2021-11-30 10:42:36 UTC,USD,10744000000,8678000000,575000000,2066000000,3019000000,270000000
4,GOOG,2020-12-31,,,,,,2021-11-30 10:29:40 UTC,2021-11-30 10:29:40 UTC,USD,56118000000,26080000000,15651000000,30038000000,,15227000000
339,LOW,2020-10-31,2020-11-18,1.98,1.9561,0.0239,1.2218,2021-11-30 11:22:56 UTC,2021-11-30 11:22:56 UTC,,,,,,,
320,LOW,2020-10-30,,,,,,2021-11-30 11:22:52 UTC,2021-11-30 11:22:53 UTC,USD,21022000000,20134000000,2175000000,7300000000,-267000000,692000000
441,FANG,2020-09-30,2020-11-02,0.62,0.3601,0.2599,72.1744,2021-11-30 11:24:27 UTC,2021-11-30 11:24:29 UTC,USD,720000000,1522000000,-1256000000,-802000000,542000000,-1113000000
222,AMZN,2020-09-30,2020-10-29,12.37,7.5312,4.8388,64.2501,2021-11-30 11:21:02 UTC,2021-11-30 11:21:04 UTC,USD,95717000000,66408000000,6194000000,29309000000,11964000000,6331000000
183,FB,2020-09-30,2020-10-29,2.4,1.9113,0.4887,25.569,2021-11-30 11:18:02 UTC,2021-11-30 11:18:05 UTC,USD,21466000000,4194000000,8040000000,17272000000,9829000000,7846000000
174,U,2020-09-30,2020-11-12,-0.09,-0.151,0.061,40.3974,2021-11-30 10:45:16 UTC,2021-11-30 10:45:17 UTC,USD,200177000,232342000,-141683000,153244000,20567000,-144719000
71,AAPL,2020-09-30,2020-10-29,0.73,0.6987,0.0313,4.4797,2021-11-30 10:43:17 UTC,2021-11-30 10:43:20 UTC,USD,64698000000,44945000000,14775000000,24689000000,20576000000,12673000000
25,TSLA,2020-09-30,2020-10-21,0.76,0.6042,0.1558,25.7862,2021-11-30 10:42:34 UTC,2021-11-30 10:42:36 UTC,USD,8771000000,6708000000,809000000,2063000000,2400000000,331000000
5,GOOG,2020-09-30,,,,,,2021-11-30 10:29:40 UTC,2021-11-30 10:29:40 UTC,USD,46130000000,21117000000,11213000000,25013000000,,11247000000
321,LOW,2020-07-31,2020-08-19,3.75,2.9468,0.8032,27.2567,2021-11-30 11:22:52 UTC,2021-11-30 11:22:56 UTC,USD,27075000000,23345000000,3957000000,9304000000,7302000000,2828000000
442,FANG,2020-06-30,2020-08-03,0.15,0.0273,0.1227,449.4505,2021-11-30 11:24:27 UTC,2021-11-30 11:24:29 UTC,USD,425000000,2560000000,-2672000000,-2135000000,324000000,-2393000000
223,AMZN,2020-06-30,2020-07-30,10.3,1.6017,8.6983,543.0667,2021-11-30 11:21:02 UTC,2021-11-30 11:21:04 UTC,USD,88509000000,60614000000,5843000000,27895000000,20606000000,5243000000
184,FB,2020-06-30,2020-07-30,1.8,1.3719,0.4281,31.2049,2021-11-30 11:18:02 UTC,2021-11-30 11:18:05 UTC,USD,18683000000,3829000000,5963000000,14854000000,3877000000,5178000000
175,U,2020-06-30,,,,,,2021-11-30 10:45:16 UTC,2021-11-30 10:45:16 UTC,USD,184331000,40432000,-24845000,143899000,,-27351000
72,AAPL,2020-06-30,2020-07-30,0.65,0.51,0.14,27.451,2021-11-30 10:43:17 UTC,2021-11-30 10:43:20 UTC,USD,58988000000,41836000000,13091000000,22680000000,16271000000,11253000000
26,TSLA,2020-06-30,2020-07-22,0.436,-0.0321,0.4681,1458.2555,2021-11-30 10:42:34 UTC,2021-11-30 10:42:36 UTC,USD,6036000000,4769000000,327000000,1267000000,964000000,104000000
6,GOOG,2020-06-30,,,,,,2021-11-30 10:29:40 UTC,2021-11-30 10:29:40 UTC,USD,38297000000,18553000000,6383000000,19744000000,,6959000000
322,LOW,2020-05-01,,,,,,2021-11-30 11:22:52 UTC,2021-11-30 11:22:54 UTC,USD,19465000000,17684000000,1991000000,6513000000,4450000000,1337000000
340,LOW,2020-04-30,2020-05-20,1.77,1.3162,0.4538,34.478,2021-11-30 11:22:56 UTC,2021-11-30 11:22:56 UTC,,,,,,,
443,FANG,2020-03-31,2020-05-04,1.45,1.295,0.155,11.9691,2021-11-30 11:24:27 UTC,2021-11-30 11:24:29 UTC,USD,899000000,1035000000,-802000000,-136000000,849000000,-272000000
224,AMZN,2020-03-31,2020-04-30,5.01,6.2489,-1.2389,-19.8259,2021-11-30 11:21:02 UTC,2021-11-30 11:21:04 UTC,USD,75050000000,52431000000,3989000000,22619000000,3064000000,2535000000
185,FB,2020-03-31,2020-04-29,1.71,1.7036,0.0064,0.3757,2021-11-30 11:18:02 UTC,2021-11-30 11:18:05 UTC,USD,17734000000,3459000000,5893000000,14275000000,11001000000,4902000000
176,U,2020-03-31,,,,,,2021-11-30 10:45:16 UTC,2021-11-30 10:45:16 UTC,USD,166994000,31868000,-27437000,135126000,,-26736000
73,AAPL,2020-03-31,2020-04-30,0.64,0.56,0.08,14.2857,2021-11-30 10:43:17 UTC,2021-11-30 10:43:20 UTC,USD,57556000000,40895000000,12853000000,22370000000,13311000000,11249000000
27,TSLA,2020-03-31,2020-04-29,0.2281,-0.0415,0.2696,649.6386,2021-11-30 10:42:34 UTC,2021-11-30 10:42:36 UTC,USD,5985000000,4751000000,283000000,1234000000,-440000000,16000000
7,GOOG,2020-03-31,,,,,,2021-11-30 10:29:40 UTC,2021-11-30 10:29:40 UTC,USD,41159000000,18982000000,7977000000,22177000000,,6836000000
323,LOW,2020-01-31,2020-02-26,0.94,0.9144,0.0256,2.7997,2021-11-30 11:22:52 UTC,2021-11-30 11:22:56 UTC,USD,15843000000,15069000000,958000000,4981000000,185000000,510000000
444,FANG,2019-12-31,2020-02-18,1.93,1.8229,0.1071,5.8753,2021-11-30 11:24:27 UTC,2021-11-30 11:24:29 UTC,USD,1104000000,827000000,-384000000,1104000000,887000000,-487000000
225,AMZN,2019-12-31,2020-01-30,6.47,3.9736,2.4964,62.8246,2021-11-30 11:21:02 UTC,2021-11-30 11:21:04 UTC,USD,87437000000,75900000000,3879000000,87437000000,19659000000,3268000000
186,FB,2019-12-31,2020-01-29,2.56,2.5688,-0.0088,-0.3426,2021-11-30 11:18:02 UTC,2021-11-30 11:18:05 UTC,USD,20966000000,3491000000,8858000000,17475000000,9083000000,7349000000
177,U,2019-12-31,,,,,,2021-11-30 10:45:16 UTC,2021-11-30 10:45:16 UTC,USD,158071000,29995000,-48580000,128076000,,-50579000
74,AAPL,2019-12-31,2020-01-28,1.25,1.14,0.11,9.6491,2021-11-30 10:43:17 UTC,2021-11-30 10:43:20 UTC,USD,91034000000,61799000000,25569000000,35217000000,30516000000,22236000000
28,TSLA,2019-12-31,2020-01-29,0.4128,0.3506,0.0622,17.741,2021-11-30 10:42:34 UTC,2021-11-30 10:42:36 UTC,USD,7384000000,5993000000,359000000,1391000000,1425000000,105000000
8,GOOG,2019-12-31,,,,,,2021-11-30 10:29:40 UTC,2021-11-30 10:29:40 UTC,USD,45569000000,21020000000,9266000000,24855000000,,10671000000
324,LOW,2019-11-01,,,,,,2021-11-30 11:22:52 UTC,2021-11-30 11:22:54 UTC,USD,17206000000,15830000000,1558000000,5640000000,528000000,1049000000
341,LOW,2019-10-31,2019-11-20,1.41,1.3517,0.0583,4.3131,2021-11-30 11:22:56 UTC,2021-11-30 11:22:56 UTC,,,,,,,
445,FANG,2019-09-30,2019-11-05,1.47,1.7125,-0.2425,-14.1606,2021-11-30 11:24:27 UTC,2021-11-30 11:24:29 UTC,USD,975000000,20000000,349000000,955000000,809000000,368000000
226,AMZN,2019-09-30,2019-10-24,4.23,4.4899,-0.2599,-5.7885,2021-11-30 11:21:02 UTC,2021-11-30 11:21:04 UTC,USD,69585000000,50011000000,3157000000,19574000000,7892000000,2134000000
187,FB,2019-09-30,2019-10-30,2.12,1.8785,0.2415,12.856,2021-11-30 11:18:02 UTC,2021-11-30 11:18:05 UTC,USD,17648000000,3155000000,7185000000,14493000000,9307000000,6091000000
178,U,2019-09-30,,,,,,2021-11-30 10:45:16 UTC,2021-11-30 10:45:16 UTC,USD,130943000,26451000,-41732000,104492000,,-45549000
75,AAPL,2019-09-30,2019-10-30,0.76,0.71,0.05,7.0423,2021-11-30 10:43:17 UTC,2021-11-30 10:43:20 UTC,USD,64040000000,44305000000,15625000000,24313000000,19910000000,13686000000
29,TSLA,2019-09-30,2019-10-23,0.372,-0.0463,0.4183,903.4557,2021-11-30 10:42:34 UTC,2021-11-30 10:42:36 UTC,USD,6303000000,5112000000,261000000,1191000000,756000000,143000000
9,GOOG,2019-09-30,,,,,,2021-11-30 10:29:40 UTC,2021-11-30 10:29:40 UTC,USD,40503000000,17568000000,9177000000,22935000000,,7068000000
325,LOW,2019-08-02,,,,,,2021-11-30 11:22:52 UTC,2021-11-30 11:22:54 UTC,USD,20810000000,18611000000,2381000000,6740000000,1446000000,1676000000
342,LOW,2019-07-31,2019-08-21,2.15,2.004,0.146,7.2854,2021-11-30 11:22:56 UTC,2021-11-30 11:22:56 UTC,,,,,,,
446,FANG,2019-06-30,2019-08-06,1.7,1.7531,-0.0531,-3.0289,2021-11-30 11:24:27 UTC,2021-11-30 11:24:29 UTC,USD,1021000000,25000000,411000000,996000000,666000000,349000000
227,AMZN,2019-06-30,2019-07-25,5.22,5.5432,-0.3232,-5.8306,2021-11-30 11:21:02 UTC,2021-11-30 11:21:04 UTC,USD,63021000000,44300000000,3084000000,18721000000,9118000000,2625000000
188,FB,2019-06-30,2019-07-24,1.99,1.875,0.115,6.1333,2021-11-30 11:18:02 UTC,2021-11-30 11:18:05 UTC,USD,16883000000,3307000000,4626000000,13576000000,8616000000,2616000000
76,AAPL,2019-06-30,2019-07-30,0.55,0.53,0.02,3.7736,2021-11-30 10:43:17 UTC,2021-11-30 10:43:20 UTC,USD,52943000000,38008000000,11544000000,20227000000,11636000000,10044000000
30,TSLA,2019-06-30,2019-07-24,-0.224,-0.0794,-0.1446,-182.1159,2021-11-30 10:42:34 UTC,2021-11-30 10:42:36 UTC,USD,6350000000,5429000000,-167000000,921000000,864000000,-408000000
10,GOOG,2019-06-30,,,,,,2021-11-30 10:29:40 UTC,2021-11-30 10:29:40 UTC,USD,39045000000,17296000000,9180000000,21749000000,,9947000000
326,LOW,2019-05-03,,,,,,2021-11-30 11:22:52 UTC,2021-11-30 11:22:54 UTC,USD,17572000000,16324000000,1417000000,5581000000,2137000000,1046000000
343,LOW,2019-04-30,2019-05-22,1.22,1.329,-0.109,-8.2017,2021-11-30 11:22:56 UTC,2021-11-30 11:22:56 UTC,,,,,,,
447,FANG,2019-03-31,2019-05-07,1.39,1.3469,0.0431,3.1999,2021-11-30 11:24:27 UTC,2021-11-30 11:24:29 UTC,USD,864000000,29000000,319000000,585000000,377000000,10000000
228,AMZN,2019-03-31,2019-04-25,7.09,4.6755,2.4145,51.6415,2021-11-30 11:21:02 UTC,2021-11-30 11:21:04 UTC,USD,59339000000,38757000000,4420000000,20582000000,1846000000,3561000000
189,FB,2019-03-31,2019-04-24,1.89,1.5988,0.2912,18.2137,2021-11-30 11:18:02 UTC,2021-11-30 11:18:05 UTC,USD,15077000000,2816000000,3317000000,12261000000,9308000000,2429000000
77,AAPL,2019-03-31,2019-04-30,0.62,0.59,0.03,5.0847,2021-11-30 10:43:17 UTC,2021-11-30 10:43:20 UTC,USD,57005000000,40652000000,13415000000,21821000000,11155000000,11561000000
31,TSLA,2019-03-31,2019-04-24,-0.58,-0.1873,-0.3927,-209.6636,2021-11-30 10:42:34 UTC,2021-11-30 10:42:36 UTC,USD,4541000000,3975000000,-522000000,566000000,-640000000,-702000000
11,GOOG,2019-03-31,,,,,,2021-11-30 10:29:40 UTC,2021-11-30 10:29:40 UTC,USD,36339000000,16012000000,6608000000,20327000000,,6657000000
327,LOW,2019-02-01,,,,,,2021-11-30 11:22:52 UTC,2021-11-30 11:22:54 UTC,USD,15500000000,952000000,-568000000,4899000000,-605000000,-824000000
344,LOW,2019-01-31,2019-02-27,0.8,0.7892,0.0108,1.3685,2021-11-30 11:22:56 UTC,2021-11-30 11:22:56 UTC,,,,,,,
448,FANG,2018-12-31,2019-02-19,1.21,1.6092,-0.3992,-24.8074,2021-11-30 11:24:27 UTC,2021-11-30 11:24:29 UTC,USD,633000000,20540000,195000000,631759000,412000000,307000000
229,AMZN,2018-12-31,2019-01-31,6.04,5.5141,0.5259,9.5374,2021-11-30 11:21:02 UTC,2021-11-30 11:21:04 UTC,USD,72383000000,59490000000,3786000000,72383000000,16477000000,3027000000
190,FB,2018-12-31,2019-01-30,2.38,2.1766,0.2034,9.3448,2021-11-30 11:18:02 UTC,2021-11-30 11:18:05 UTC,USD,16692000000,2796000000,7820000000,13896000000,7618000000,6882000000
78,AAPL,2018-12-31,2019-01-29,1.05,1.04,0.01,0.9615,2021-11-30 10:43:17 UTC,2021-11-30 10:43:20 UTC,USD,83420000000,57062000000,23346000000,32031000000,26690000000,19965000000
32,TSLA,2018-12-31,2019-01-30,0.386,0.4035,-0.0175,-4.3371,2021-11-30 10:42:34 UTC,2021-11-30 10:42:36 UTC,USD,7226000000,5783000000,414000000,1443000000,1235000000,140000000
12,GOOG,2018-12-31,,,,,,2021-11-30 10:29:40 UTC,2021-11-30 10:29:40 UTC,USD,39276000000,17918000000,8221000000,21358000000,,8948000000
328,LOW,2018-11-02,,,,,,2021-11-30 11:22:52 UTC,2021-11-30 11:22:54 UTC,USD,17268000000,16570000000,957000000,5377000000,1011000000,629000000
345,LOW,2018-10-31,2018-11-20,1.04,0.9779,0.0621,6.3503,2021-11-30 11:22:56 UTC,2021-11-30 11:22:56 UTC,,,,,,,
449,FANG,2018-09-30,2018-11-06,1.67,1.7206,-0.0506,-2.9408,2021-11-30 11:24:27 UTC,2021-11-30 11:24:29 UTC,USD,537000000,14572000,268000000,438983000,-336211000,157000000
230,AMZN,2018-09-30,2018-10-25,5.75,3.0878,2.6622,86.2167,2021-11-30 11:21:02 UTC,2021-11-30 11:21:04 UTC,USD,56218000000,37347000000,3724000000,18871000000,8588000000,2883000000
191,FB,2018-09-30,2018-10-30,1.76,1.4444,0.3156,21.8499,2021-11-30 11:18:02 UTC,2021-11-30 11:18:05 UTC,USD,13727000000,2418000000,5781000000,11309000000,7498000000,5137000000
79,AAPL,2018-09-30,2018-11-01,0.73,0.7,0.03,4.2857,2021-11-30 10:43:17 UTC,2021-11-30 10:43:20 UTC,USD,62900000000,38816000000,16118000000,24084000000,19523000000,14125000000
33,TSLA,2018-09-30,2018-10-24,0.58,-0.0181,0.5981,3304.4199,2021-11-30 10:42:34 UTC,2021-11-30 10:42:36 UTC,USD,6824000000,5300000000,416000000,1524000000,1391040000,311000000
13,GOOG,2018-09-30,,,,,,2021-11-30 10:29:40 UTC,2021-11-30 10:29:40 UTC,USD,33740000000,14281000000,8625000000,19459000000,,9192000000
329,LOW,2018-08-03,,,,,,2021-11-30 11:22:52 UTC,2021-11-30 11:22:54 UTC,USD,20741000000,18725000000,2163000000,6885000000,2358000000,1520000000
346,LOW,2018-07-31,2018-08-22,2.07,2.0206,0.0494,2.4448,2021-11-30 11:22:56 UTC,2021-11-30 11:22:56 UTC,,,,,,,
450,FANG,2018-06-30,2018-08-08,1.59,1.6368,-0.0468,-2.8592,2021-11-30 11:24:27 UTC,2021-11-30 11:24:29 UTC,USD,527000000,14894000,281000000,410297000,431031000,219000000
231,AMZN,2018-06-30,2018-07-26,5.07,2.5434,2.5266,99.3395,2021-11-30 11:21:02 UTC,2021-11-30 11:21:04 UTC,USD,52543000000,34644000000,2983000000,17899000000,7449000000,2534000000
192,FB,2018-06-30,2018-07-25,1.74,1.6965,0.0435,2.5641,2021-11-30 11:18:02 UTC,2021-11-30 11:18:05 UTC,USD,13231000000,2214000000,5863000000,11017000000,6298000000,5106000000
80,AAPL,2018-06-30,2018-07-31,0.585,0.545,0.04,7.3394,2021-11-30 10:43:17 UTC,2021-11-30 10:43:20 UTC,USD,53265000000,32844000000,12612000000,20421000000,14488000000,11519000000
34,TSLA,2018-06-30,2018-08-01,-0.612,-0.5639,-0.0481,-8.5299,2021-11-30 10:42:34 UTC,2021-11-30 10:42:36 UTC,USD,4002000000,3383301000,-621392000,619000000,-129664000,-718000000
14,GOOG,2018-06-30,,,,,,2021-11-30 10:29:40 UTC,2021-11-30 10:29:40 UTC,USD,32657000000,13883000000,3045000000,18774000000,,3195000000
330,LOW,2018-05-04,,,,,,2021-11-30 11:22:52 UTC,2021-11-30 11:22:54 UTC,USD,17212000000,15895000000,1465000000,5748000000,3429000000,988000000
347,LOW,2018-04-30,2018-05-23,1.19,1.2121,-0.0221,-1.8233,2021-11-30 11:22:56 UTC,2021-11-30 11:22:56 UTC,,,,,,,
451,FANG,2018-03-31,2018-05-08,1.64,1.5866,0.0534,3.3657,2021-11-30 11:24:27 UTC,2021-11-30 11:24:29 UTC,USD,479000000,69499000,267000000,347337000,633447000,163000000
232,AMZN,2018-03-31,2018-04-26,3.27,1.2178,2.0522,168.517,2021-11-30 11:21:02 UTC,2021-11-30 11:21:04 UTC,USD,50712000000,34501000000,1927000000,16211000000,-1791000000,1629000000
193,FB,2018-03-31,2018-04-25,1.69,1.3448,0.3452,25.6692,2021-11-30 11:18:02 UTC,2021-11-30 11:18:05 UTC,USD,11966000000,1927000000,5449000000,10039000000,7860000000,4988000000
81,AAPL,2018-03-31,2018-05-01,0.6825,0.6725,0.01,1.487,2021-11-30 10:43:17 UTC,2021-11-30 10:43:20 UTC,USD,61137000000,37715000000,15894000000,23422000000,15130000000,13822000000
35,TSLA,2018-03-31,2018-05-02,-0.67,-0.7051,0.0351,4.978,2021-11-30 10:42:34 UTC,2021-11-30 10:42:36 UTC,USD,3409000000,2952225000,-596974000,456000000,-398376000,-709000000
15,GOOG,2018-03-31,,,,,,2021-11-30 10:29:40 UTC,2021-11-30 10:29:40 UTC,USD,31146000000,13467000000,7633000000,17679000000,,9401000000
331,LOW,2018-02-02,,,,,,2021-11-30 11:22:52 UTC,2021-11-30 11:22:54 UTC,USD,15347000000,14396000000,1098000000,4251000000,-307000000,554000000
348,LOW,2018-01-31,2018-02-28,0.74,0.8747,-0.1347,-15.3996,2021-11-30 11:22:56 UTC,2021-11-30 11:22:56 UTC,,,,,,,
452,FANG,2017-12-31,2018-02-13,1.56,1.5214,0.0386,2.5371,2021-11-30 11:24:27 UTC,2021-11-30 11:24:29 UTC,USD,396972000,56923000,213663000,399194000,-512556000,114559000
233,AMZN,2017-12-31,2018-02-01,2.1512,1.8317,0.3195,17.4428,2021-11-30 11:21:02 UTC,2021-11-30 11:21:04 UTC,USD,60453000000,43345000000,2127000000,60453000000,12358000000,1856000000
194,FB,2017-12-31,2018-01-31,2.21,1.968,0.242,12.2967,2021-11-30 11:18:02 UTC,2021-11-30 11:18:05 UTC,USD,12972000000,1611000000,7352000000,11361000000,7671000000,4269000000
82,AAPL,2017-12-31,2018-02-01,0.9725,0.965,0.0075,0.7772,2021-11-30 10:43:17 UTC,2021-11-30 10:43:20 UTC,USD,88293000000,54381000000,26274000000,33912000000,28293000000,20065000000
36,TSLA,2017-12-31,2018-02-07,-0.608,-0.6297,0.0217,3.4461,2021-11-30 10:42:34 UTC,2021-11-30 10:42:36 UTC,USD,3288249000,2849199000,-598055000,438786000,509545000,-675350000
16,GOOG,2017-12-31,,,,,,2021-11-30 10:29:40 UTC,2021-11-30 10:29:40 UTC,USD,32323000000,14267000000,7696000000,18056000000,,-3020000000
332,LOW,2017-11-03,,,,,,2021-11-30 11:22:52 UTC,2021-11-30 11:22:54 UTC,USD,16622000000,15223000000,1547000000,5713000000,298000000,872000000
349,LOW,2017-10-31,2017-11-21,1.05,1.026,0.024,2.3392,2021-11-30 11:22:56 UTC,2021-11-30 11:22:56 UTC,,,,,,,
453,FANG,2017-09-30,2017-11-06,1.33,1.2348,0.0952,7.7098,2021-11-30 11:24:27 UTC,2021-11-30 11:24:29 UTC,USD,249416000,52664000,142639000,196752000,169527000,73024000
234,AMZN,2017-09-30,2017-10-26,0.52,0.0145,0.5055,3486.2069,2021-11-30 11:21:02 UTC,2021-11-30 11:21:04 UTC,USD,43516000000,30988000000,347000000,12528000000,3777000000,256000000
195,FB,2017-09-30,2017-11-01,1.59,1.28,0.31,24.2188,2021-11-30 11:18:02 UTC,2021-11-30 11:18:05 UTC,USD,10328000000,1448000000,5122000000,8880000000,6127000000,4707000000
83,AAPL,2017-09-30,2017-11-02,0.5175,0.4675,0.05,10.6952,2021-11-30 10:43:17 UTC,2021-11-30 10:43:20 UTC,USD,52579000000,32648000000,13120000000,19931000000,15749000000,10714000000
37,TSLA,2017-09-30,2017-11-01,-0.584,-0.458,-0.126,-27.5109,2021-11-30 10:42:34 UTC,2021-11-30 10:42:36 UTC,USD,2984675000,2535535000,-535480000,449140000,-300562000,-619376000
17,GOOG,2017-09-30,,,,,,2021-11-30 10:29:40 UTC,2021-11-30 10:29:40 UTC,USD,27772000000,11148000000,7782000000,16624000000,,6732000000
333,LOW,2017-08-04,,,,,,2021-11-30 11:22:52 UTC,2021-11-30 11:22:54 UTC,USD,19344000000,17113000000,2382000000,6670000000,1779000000,1419000000
350,LOW,2017-07-31,2017-08-23,1.57,1.6177,-0.0477,-2.9486,2021-11-30 11:22:56 UTC,2021-11-30 11:22:56 UTC,,,,,,,
454,FANG,2017-06-30,2017-08-01,1.25,0.9152,0.3348,36.5822,2021-11-30 11:24:27 UTC,2021-11-30 11:24:29 UTC,USD,299194000,46074000,132308000,253120000,239301000,158405000
235,AMZN,2017-06-30,2017-07-27,0.4,1.3969,-0.9969,-71.3652,2021-11-30 11:21:02 UTC,2021-11-30 11:21:04 UTC,USD,37812000000,26554000000,628000000,11258000000,3850000000,197000000
196,FB,2017-06-30,2017-07-26,1.32,1.1238,0.1962,17.4586,2021-11-30 11:18:02 UTC,2021-11-30 11:18:05 UTC,USD,9321000000,1237000000,4401000000,8084000000,5360000000,3894000000
84,AAPL,2017-06-30,2017-08-01,0.4175,0.3925,0.025,6.3694,2021-11-30 10:43:17 UTC,2021-11-30 10:43:20 UTC,USD,45408000000,27920000000,10768000000,17488000000,8672000000,8717000000
38,TSLA,2017-06-30,2017-08-02,-0.266,-0.3837,0.1177,30.675,2021-11-30 10:42:34 UTC,2021-11-30 10:42:36 UTC,USD,2789557000,2122942000,-240916000,666615000,-90981000,-336397000
18,GOOG,2017-06-30,,,,,,2021-11-30 10:29:40 UTC,2021-11-30 10:29:40 UTC,USD,26010000000,10373000000,4132000000,15637000000,,3524000000
334,LOW,2017-05-05,,,,,,2021-11-30 11:22:52 UTC,2021-11-30 11:22:54 UTC,USD,16246000000,15301000000,1559000000,5800000000,3295000000,602000000
351,LOW,2017-04-30,2017-05-24,1.03,1.063,-0.033,-3.1044,2021-11-30 11:22:56 UTC,2021-11-30 11:22:56 UTC,,,,,,,
455,FANG,2017-03-31,2017-05-02,1.04,0.5975,0.4425,74.0586,2021-11-30 11:24:27 UTC,2021-11-30 11:24:29 UTC,USD,259044000,44166000,116410000,214878000,497673000,136273000
236,AMZN,2017-03-31,2017-04-27,1.48,1.102,0.378,34.3013,2021-11-30 11:21:02 UTC,2021-11-30 11:21:04 UTC,USD,35575000000,27590000000,1005000000,7985000000,-1619000000,724000000
197,FB,2017-03-31,2017-05-03,1.3589,1.1199,0.239,21.3412,2021-11-30 11:18:02 UTC,2021-11-30 11:18:05 UTC,USD,8032000000,1159000000,3327000000,6873000000,5058000000,3064000000
85,AAPL,2017-03-31,2017-05-02,0.525,0.505,0.02,3.9604,2021-11-30 10:43:17 UTC,2021-11-30 10:43:20 UTC,USD,52896000000,32305000000,14097000000,20591000000,12570000000,11029000000
39,TSLA,2017-03-31,2017-05-03,-0.266,-0.1603,-0.1057,-65.9389,2021-11-30 10:42:34 UTC,2021-11-30 10:42:36 UTC,USD,2696270000,2028324000,-257549000,667946000,-54056000,-330277000
19,GOOG,2017-03-31,,,,,,2021-11-30 10:29:40 UTC,2021-11-30 10:29:40 UTC,USD,24750000000,9795000000,6568000000,14955000000,,5426000000
335,LOW,2017-02-03,,,,,,2021-11-30 11:22:52 UTC,2021-11-30 11:22:54 UTC,USD,15636000000,14472000000,1269000000,4642000000,348000000,663000000
352,LOW,2017-01-31,2017-03-01,0.86,0.7846,0.0754,9.61,2021-11-30 11:22:56 UTC,2021-11-30 11:22:56 UTC,,,,,,,
456,FANG,2016-12-31,2017-02-14,0.9,0.5328,0.3672,68.9189,2021-11-30 11:24:27 UTC,2021-11-30 11:24:29 UTC,USD,185012000,37392000,87079000,185012000,28440000,25598000
237,AMZN,2016-12-31,2017-02-02,1.54,1.4208,0.1192,8.3896,2021-11-30 11:21:02 UTC,2021-11-30 11:21:04 UTC,USD,43741000000,32253000000,1255000000,43741000000,10919000000,749000000
198,FB,2016-12-31,2017-02-01,1.41,1.3128,0.0972,7.404,2021-11-30 11:18:02 UTC,2021-11-30 11:18:05 UTC,USD,8809000000,1047000000,4567000000,7762000000,4930000000,3569000000
86,AAPL,2016-12-31,2017-01-31,0.84,0.8025,0.0375,4.6729,2021-11-30 10:43:17 UTC,2021-11-30 10:43:20 UTC,USD,78351000000,48175000000,23359000000,30176000000,27234000000,17891000000
40,TSLA,2016-12-31,2017-02-22,-0.138,-0.0981,-0.0399,-40.6728,2021-11-30 10:42:34 UTC,2021-11-30 10:42:36 UTC,USD,2284631000,1849353000,-266698000,435278000,-1551561000,-121337000
20,GOOG,2016-12-31,,,,,,2021-11-30 10:29:40 UTC,2021-11-30 10:29:40 UTC,USD,26064000000,10661000000,6639000000,15403000000,,5333000000
353,LOW,2016-10-31,2016-11-16,0.88,0.9589,-0.0789,-8.2282,2021-11-30 11:22:56 UTC,2021-11-30 11:22:56 UTC,,,,,,,
457,FANG,2016-09-30,2016-11-07,0.54,0.3408,0.1992,58.4507,2021-11-30 11:24:29 UTC,2021-11-30 11:24:29 UTC,,,,,,,
238,AMZN,2016-09-30,2016-10-27,0.52,0.8093,-0.2893,-35.7469,2021-11-30 11:21:04 UTC,2021-11-30 11:21:04 UTC,,,,,,,
199,FB,2016-09-30,2016-11-02,1.09,0.9664,0.1236,12.7897,2021-11-30 11:18:05 UTC,2021-11-30 11:18:05 UTC,,,,,,,
87,AAPL,2016-09-30,2016-10-25,0.4175,0.415,0.0025,0.6024,2021-11-30 10:43:20 UTC,2021-11-30 10:43:20 UTC,,,,,,,
41,TSLA,2016-09-30,2016-10-26,0.142,0.0045,0.1375,3055.5556,2021-11-30 10:42:36 UTC,2021-11-30 10:42:36 UTC,,,,,,,
354,LOW,2016-07-31,2016-08-17,1.37,1.4162,-0.0462,-3.2623,2021-11-30 11:22:56 UTC,2021-11-30 11:22:56 UTC,,,,,,,
458,FANG,2016-06-30,2016-08-02,0.26,0.1687,0.0913,54.1197,2021-11-30 11:24:29 UTC,2021-11-30 11:24:29 UTC,,,,,,,
239,AMZN,2016-06-30,2016-07-28,1.78,1.117,0.663,59.3554,2021-11-30 11:21:04 UTC,2021-11-30 11:21:04 UTC,,,,,,,
200,FB,2016-06-30,2016-07-27,0.97,0.8173,0.1527,18.6835,2021-11-30 11:18:05 UTC,2021-11-30 11:18:05 UTC,,,,,,,
88,AAPL,2016-06-30,2016-07-26,0.355,0.345,0.01,2.8986,2021-11-30 10:43:20 UTC,2021-11-30 10:43:20 UTC,,,,,,,
42,TSLA,2016-06-30,2016-08-03,-0.212,-0.1246,-0.0874,-70.1445,2021-11-30 10:42:36 UTC,2021-11-30 10:42:36 UTC,,,,,,,
355,LOW,2016-04-30,2016-05-18,0.87,0.8476,0.0224,2.6428,2021-11-30 11:22:56 UTC,2021-11-30 11:22:56 UTC,,,,,,,
459,FANG,2016-03-31,2016-05-03,0.02,-0.0552,0.0752,136.2319,2021-11-30 11:24:29 UTC,2021-11-30 11:24:29 UTC,,,,,,,
240,AMZN,2016-03-31,2016-04-28,1.07,0.6141,0.4559,74.2387,2021-11-30 11:21:04 UTC,2021-11-30 11:21:04 UTC,,,,,,,
201,FB,2016-03-31,2016-04-27,0.77,0.6242,0.1458,23.3579,2021-11-30 11:18:05 UTC,2021-11-30 11:18:05 UTC,,,,,,,
89,AAPL,2016-03-31,2016-04-26,0.475,0.5,-0.025,-5.0,2021-11-30 10:43:20 UTC,2021-11-30 10:43:20 UTC,,,,,,,
43,TSLA,2016-03-31,2016-05-04,-0.114,-0.1344,0.0204,15.1786,2021-11-30 10:42:36 UTC,2021-11-30 10:42:36 UTC,,,,,,,
356,LOW,2016-01-31,2016-02-24,0.59,0.5918,-0.0018,-0.3042,2021-11-30 11:22:56 UTC,2021-11-30 11:22:56 UTC,,,,,,,
460,FANG,2015-12-31,2016-02-16,0.58,0.4446,0.1354,30.4543,2021-11-30 11:24:29 UTC,2021-11-30 11:24:29 UTC,,,,,,,
241,AMZN,2015-12-31,2016-01-28,1.0,1.5941,-0.5941,-37.2687,2021-11-30 11:21:05 UTC,2021-11-30 11:21:05 UTC,,,,,,,
202,FB,2015-12-31,2016-01-27,0.79,0.6775,0.1125,16.6052,2021-11-30 11:18:05 UTC,2021-11-30 11:18:05 UTC,,,,,,,
90,AAPL,2015-12-31,2016-01-26,0.82,0.8075,0.0125,1.548,2021-11-30 10:43:20 UTC,2021-11-30 10:43:20 UTC,,,,,,,
44,TSLA,2015-12-31,2016-02-10,-0.174,0.0219,-0.1959,-894.5205,2021-11-30 10:42:36 UTC,2021-11-30 10:42:36 UTC,,,,,,,
357,LOW,2015-10-31,2015-11-18,0.8,0.78,0.02,2.5641,2021-11-30 11:22:56 UTC,2021-11-30 11:22:56 UTC,,,,,,,
461,FANG,2015-09-30,2015-11-03,0.4,0.32,0.08,25.0,2021-11-30 11:24:29 UTC,2021-11-30 11:24:29 UTC,,,,,,,
242,AMZN,2015-09-30,2015-10-22,0.17,-0.14,0.31,221.4286,2021-11-30 11:21:05 UTC,2021-11-30 11:21:05 UTC,,,,,,,
203,FB,2015-09-30,2015-11-04,0.57,0.52,0.05,9.6154,2021-11-30 11:18:05 UTC,2021-11-30 11:18:05 UTC,,,,,,,
91,AAPL,2015-09-30,2015-10-27,0.49,0.47,0.02,4.2553,2021-11-30 10:43:20 UTC,2021-11-30 10:43:20 UTC,,,,,,,
45,TSLA,2015-09-30,2015-11-03,-0.174,-0.1,-0.074,-74.0,2021-11-30 10:42:36 UTC,2021-11-30 10:42:36 UTC,,,,,,,
358,LOW,2015-07-31,2015-08-19,1.2,1.24,-0.04,-3.2258,2021-11-30 11:22:56 UTC,2021-11-30 11:22:56 UTC,,,,,,,
462,FANG,2015-06-30,2015-08-05,0.41,0.37,0.04,10.8108,2021-11-30 11:24:29 UTC,2021-11-30 11:24:29 UTC,,,,,,,
243,AMZN,2015-06-30,2015-07-23,0.19,-0.14,0.33,235.7143,2021-11-30 11:21:05 UTC,2021-11-30 11:21:05 UTC,,,,,,,
204,FB,2015-06-30,2015-07-29,0.5,0.47,0.03,6.383,2021-11-30 11:18:05 UTC,2021-11-30 11:18:05 UTC,,,,,,,
92,AAPL,2015-06-30,2015-07-21,0.4625,0.4525,0.01,2.2099,2021-11-30 10:43:20 UTC,2021-11-30 10:43:20 UTC,,,,,,,
46,TSLA,2015-06-30,2015-08-05,-0.096,-0.12,0.024,20.0,2021-11-30 10:42:36 UTC,2021-11-30 10:42:36 UTC,,,,,,,
359,LOW,2015-04-30,2015-05-20,0.7,0.74,-0.04,-5.4054,2021-11-30 11:22:56 UTC,2021-11-30 11:22:56 UTC,,,,,,,
463,FANG,2015-03-31,2015-05-06,0.38,0.39,-0.01,-2.5641,2021-11-30 11:24:29 UTC,2021-11-30 11:24:29 UTC,,,,,,,
244,AMZN,2015-03-31,2015-04-23,-0.12,-0.12,0.0,0.0,2021-11-30 11:21:05 UTC,2021-11-30 11:21:05 UTC,,,,,,,
205,FB,2015-03-31,2015-04-22,0.42,0.4,0.02,5.0,2021-11-30 11:18:05 UTC,2021-11-30 11:18:05 UTC,,,,,,,
93,AAPL,2015-03-31,2015-04-27,0.5825,0.54,0.0425,7.8704,2021-11-30 10:43:20 UTC,2021-11-30 10:43:20 UTC,,,,,,,
47,TSLA,2015-03-31,2015-05-06,-0.072,-0.1,0.028,28.0,2021-11-30 10:42:36 UTC,2021-11-30 10:42:36 UTC,,,,,,,
360,LOW,2015-01-31,2015-02-25,0.46,0.44,0.02,4.5455,2021-11-30 11:22:56 UTC,2021-11-30 11:22:56 UTC,,,,,,,
464,FANG,2014-12-31,2015-02-17,0.29,0.55,-0.26,-47.2727,2021-11-30 11:24:29 UTC,2021-11-30 11:24:29 UTC,,,,,,,
245,AMZN,2014-12-31,2015-01-29,0.45,0.17,0.28,164.7059,2021-11-30 11:21:05 UTC,2021-11-30 11:21:05 UTC,,,,,,,
206,FB,2014-12-31,2015-01-28,0.54,0.49,0.05,10.2041,2021-11-30 11:18:05 UTC,2021-11-30 11:18:05 UTC,,,,,,,
94,AAPL,2014-12-31,2015-01-27,0.765,0.65,0.115,17.6923,2021-11-30 10:43:20 UTC,2021-11-30 10:43:20 UTC,,,,,,,
48,TSLA,2014-12-31,2015-02-11,-0.026,0.062,-0.088,-141.9355,2021-11-30 10:42:36 UTC,2021-11-30 10:42:36 UTC,,,,,,,
361,LOW,2014-10-31,2014-11-19,0.59,0.58,0.01,1.7241,2021-11-30 11:22:56 UTC,2021-11-30 11:22:56 UTC,,,,,,,
465,FANG,2014-09-30,2014-11-04,0.61,0.61,0.0,0.0,2021-11-30 11:24:29 UTC,2021-11-30 11:24:29 UTC,,,,,,,
246,AMZN,2014-09-30,2014-10-23,-0.95,-0.73,-0.22,-30.137,2021-11-30 11:21:05 UTC,2021-11-30 11:21:05 UTC,,,,,,,
207,FB,2014-09-30,2014-10-28,0.43,0.4,0.03,7.5,2021-11-30 11:18:05 UTC,2021-11-30 11:18:05 UTC,,,,,,,
95,AAPL,2014-09-30,2014-10-20,0.355,0.3275,0.0275,8.3969,2021-11-30 10:43:20 UTC,2021-11-30 10:43:20 UTC,,,,,,,
49,TSLA,2014-09-30,2014-11-05,0.004,-0.002,0.006,300.0,2021-11-30 10:42:36 UTC,2021-11-30 10:42:36 UTC,,,,,,,
362,LOW,2014-07-31,2014-08-20,1.04,1.02,0.02,1.9608,2021-11-30 11:22:56 UTC,2021-11-30 11:22:56 UTC,,,,,,,
466,FANG,2014-06-30,2014-08-05,0.7,0.69,0.01,1.4493,2021-11-30 11:24:29 UTC,2021-11-30 11:24:29 UTC,,,,,,,
247,AMZN,2014-06-30,2014-07-24,-0.27,-0.15,-0.12,-80.0,2021-11-30 11:21:05 UTC,2021-11-30 11:21:05 UTC,,,,,,,
208,FB,2014-06-30,2014-07-23,0.42,0.32,0.1,31.25,2021-11-30 11:18:05 UTC,2021-11-30 11:18:05 UTC,,,,,,,
96,AAPL,2014-06-30,2014-07-22,0.32,0.3075,0.0125,4.065,2021-11-30 10:43:20 UTC,2021-11-30 10:43:20 UTC,,,,,,,
50,TSLA,2014-06-30,2014-07-31,0.022,0.008,0.014,175.0,2021-11-30 10:42:36 UTC,2021-11-30 10:42:36 UTC,,,,,,,
363,LOW,2014-04-30,2014-05-21,0.58,0.6,-0.02,-3.3333,2021-11-30 11:22:56 UTC,2021-11-30 11:22:56 UTC,,,,,,,
467,FANG,2014-03-31,2014-05-07,0.53,0.56,-0.03,-5.3571,2021-11-30 11:24:29 UTC,2021-11-30 11:24:29 UTC,,,,,,,
248,AMZN,2014-03-31,2014-04-24,0.23,0.23,0.0,0.0,2021-11-30 11:21:05 UTC,2021-11-30 11:21:05 UTC,,,,,,,
209,FB,2014-03-31,2014-04-23,0.34,0.24,0.1,41.6667,2021-11-30 11:18:05 UTC,2021-11-30 11:18:05 UTC,,,,,,,
97,AAPL,2014-03-31,2014-04-23,0.415,0.365,0.05,13.6986,2021-11-30 10:43:20 UTC,2021-11-30 10:43:20 UTC,,,,,,,
51,TSLA,2014-03-31,2014-05-07,0.024,0.02,0.004,20.0,2021-11-30 10:42:36 UTC,2021-11-30 10:42:36 UTC,,,,,,,
364,LOW,2014-01-31,2014-02-26,0.31,0.31,0.0,0.0,2021-11-30 11:22:56 UTC,2021-11-30 11:22:56 UTC,,,,,,,
468,FANG,2013-12-31,2014-02-19,0.4,0.41,-0.01,-2.439,2021-11-30 11:24:29 UTC,2021-11-30 11:24:29 UTC,,,,,,,
249,AMZN,2013-12-31,2014-01-30,0.51,0.66,-0.15,-22.7273,2021-11-30 11:21:05 UTC,2021-11-30 11:21:05 UTC,,,,,,,
210,FB,2013-12-31,2014-01-29,0.31,0.27,0.04,14.8148,2021-11-30 11:18:05 UTC,2021-11-30 11:18:05 UTC,,,,,,,
98,AAPL,2013-12-31,2014-01-27,0.5175,0.5025,0.015,2.9851,2021-11-30 10:43:20 UTC,2021-11-30 10:43:20 UTC,,,,,,,
52,TSLA,2013-12-31,2014-02-19,0.066,0.042,0.024,57.1429,2021-11-30 10:42:36 UTC,2021-11-30 10:42:36 UTC,,,,,,,
365,LOW,2013-10-31,2013-11-20,0.47,0.48,-0.01,-2.0833,2021-11-30 11:22:56 UTC,2021-11-30 11:22:56 UTC,,,,,,,
469,FANG,2013-09-30,2013-11-04,0.35,0.34,0.01,2.9412,2021-11-30 11:24:29 UTC,2021-11-30 11:24:29 UTC,,,,,,,
250,AMZN,2013-09-30,2013-10-24,-0.09,-0.09,0.0,0.0,2021-11-30 11:21:05 UTC,2021-11-30 11:21:05 UTC,,,,,,,
211,FB,2013-09-30,2013-10-30,0.25,0.19,0.06,31.5789,2021-11-30 11:18:05 UTC,2021-11-30 11:18:05 UTC,,,,,,,
99,AAPL,2013-09-30,2013-10-28,0.295,0.285,0.01,3.5088,2021-11-30 10:43:20 UTC,2021-11-30 10:43:20 UTC,,,,,,,
53,TSLA,2013-09-30,2013-11-05,0.024,0.022,0.002,9.0909,2021-11-30 10:42:36 UTC,2021-11-30 10:42:36 UTC,,,,,,,
366,LOW,2013-07-31,2013-08-21,0.88,0.79,0.09,11.3924,2021-11-30 11:22:56 UTC,2021-11-30 11:22:56 UTC,,,,,,,
470,FANG,2013-06-30,2013-08-06,0.3,0.26,0.04,15.3846,2021-11-30 11:24:29 UTC,2021-11-30 11:24:29 UTC,,,,,,,
251,AMZN,2013-06-30,2013-07-25,-0.02,0.05,-0.07,-140.0,2021-11-30 11:21:05 UTC,2021-11-30 11:21:05 UTC,,,,,,,
212,FB,2013-06-30,2013-07-24,0.19,0.14,0.05,35.7143,2021-11-30 11:18:05 UTC,2021-11-30 11:18:05 UTC,,,,,,,
100,AAPL,2013-06-30,2013-07-23,0.2675,0.2625,0.005,1.9048,2021-11-30 10:43:20 UTC,2021-11-30 10:43:20 UTC,,,,,,,
54,TSLA,2013-06-30,2013-08-07,0.2,-0.17,0.37,217.6471,2021-11-30 10:42:36 UTC,2021-11-30 10:42:36 UTC,,,,,,,
367,LOW,2013-04-30,2013-05-22,0.49,0.51,-0.02,-3.9216,2021-11-30 11:22:56 UTC,2021-11-30 11:22:56 UTC,,,,,,,
471,FANG,2013-03-31,2013-05-07,0.12,0.17,-0.05,-29.4118,2021-11-30 11:24:29 UTC,2021-11-30 11:24:29 UTC,,,,,,,
252,AMZN,2013-03-31,2013-04-25,0.18,0.08,0.1,125.0,2021-11-30 11:21:05 UTC,2021-11-30 11:21:05 UTC,,,,,,,
213,FB,2013-03-31,2013-05-01,0.12,0.13,-0.01,-7.6923,2021-11-30 11:18:05 UTC,2021-11-30 11:18:05 UTC,,,,,,,
101,AAPL,2013-03-31,2013-04-23,0.36,0.3575,0.0025,0.6993,2021-11-30 10:43:20 UTC,2021-11-30 10:43:20 UTC,,,,,,,
55,TSLA,2013-03-31,2013-05-08,0.12,0.04,0.08,200.0,2021-11-30 10:42:36 UTC,2021-11-30 10:42:36 UTC,,,,,,,
368,LOW,2013-01-31,2013-02-25,0.26,0.23,0.03,13.0435,2021-11-30 11:22:56 UTC,2021-11-30 11:22:56 UTC,,,,,,,
472,FANG,2012-12-31,2013-02-25,0.18,0.13,0.05,38.4615,2021-11-30 11:24:29 UTC,2021-11-30 11:24:29 UTC,,,,,,,
253,AMZN,2012-12-31,2013-01-29,0.21,0.28,-0.07,-25.0,2021-11-30 11:21:05 UTC,2021-11-30 11:21:05 UTC,,,,,,,
214,FB,2012-12-31,2013-01-30,0.17,0.15,0.02,13.3333,2021-11-30 11:18:05 UTC,2021-11-30 11:18:05 UTC,,,,,,,
102,AAPL,2012-12-31,2013-01-23,0.4925,0.48,0.0125,2.6042,2021-11-30 10:43:20 UTC,2021-11-30 10:43:20 UTC,,,,,,,
56,TSLA,2012-12-31,2013-02-20,-0.65,-0.53,-0.12,-22.6415,2021-11-30 10:42:36 UTC,2021-11-30 10:42:36 UTC,,,,,,,
369,LOW,2012-10-31,2012-11-19,0.4,0.35,0.05,14.2857,2021-11-30 11:22:56 UTC,2021-11-30 11:22:56 UTC,,,,,,,
473,FANG,2012-09-30,2012-11-14,0.0118,0.0,0.0,0.0,2021-11-30 11:24:29 UTC,2021-11-30 11:24:29 UTC,,,,,,,
254,AMZN,2012-09-30,2012-10-25,-0.23,-0.08,-0.15,-187.5,2021-11-30 11:21:05 UTC,2021-11-30 11:21:05 UTC,,,,,,,
215,FB,2012-09-30,2012-10-23,0.12,0.11,0.01,9.0909,2021-11-30 11:18:05 UTC,2021-11-30 11:18:05 UTC,,,,,,,
103,AAPL,2012-09-30,2012-10-25,0.31,0.3125,-0.0025,-0.8,2021-11-30 10:43:20 UTC,2021-11-30 10:43:20 UTC,,,,,,,
57,TSLA,2012-09-30,2012-11-05,-0.92,-0.9,-0.02,-2.2222,2021-11-30 10:42:36 UTC,2021-11-30 10:42:36 UTC,,,,,,,
370,LOW,2012-07-31,2012-08-20,0.65,0.7,-0.05,-7.1429,2021-11-30 11:22:56 UTC,2021-11-30 11:22:56 UTC,,,,,,,
255,AMZN,2012-06-30,2012-07-26,0.16,0.02,0.14,700.0,2021-11-30 11:21:05 UTC,2021-11-30 11:21:05 UTC,,,,,,,
216,FB,2012-06-30,2012-07-26,0.12,0.12,0.0,0.0,2021-11-30 11:18:05 UTC,2021-11-30 11:18:05 UTC,,,,,,,
104,AAPL,2012-06-30,2012-07-24,0.3325,0.37,-0.0375,-10.1351,2021-11-30 10:43:20 UTC,2021-11-30 10:43:20 UTC,,,,,,,
58,TSLA,2012-06-30,2012-07-25,-0.89,-0.92,0.03,3.2609,2021-11-30 10:42:36 UTC,2021-11-30 10:42:36 UTC,,,,,,,
371,LOW,2012-04-30,2012-05-21,0.44,0.42,0.02,4.7619,2021-11-30 11:22:56 UTC,2021-11-30 11:22:56 UTC,,,,,,,
256,AMZN,2012-03-31,2012-04-26,0.28,0.07,0.21,300.0,2021-11-30 11:21:05 UTC,2021-11-30 11:21:05 UTC,,,,,,,
217,FB,2012-03-31,2012-05-30,0.0645,0.0,0.0,0.0,2021-11-30 11:18:05 UTC,2021-11-30 11:18:05 UTC,,,,,,,
105,AAPL,2012-03-31,2012-04-24,0.44,0.3575,0.0825,23.0769,2021-11-30 10:43:20 UTC,2021-11-30 10:43:20 UTC,,,,,,,
59,TSLA,2012-03-31,2012-05-09,-0.76,-0.69,-0.07,-10.1449,2021-11-30 10:42:36 UTC,2021-11-30 10:42:36 UTC,,,,,,,
372,LOW,2012-01-31,2012-02-27,0.29,0.24,0.05,20.8333,2021-11-30 11:22:56 UTC,2021-11-30 11:22:56 UTC,,,,,,,
257,AMZN,2011-12-31,2012-01-31,0.38,0.17,0.21,123.5294,2021-11-30 11:21:05 UTC,2021-11-30 11:21:05 UTC,,,,,,,
106,AAPL,2011-12-31,2012-01-24,0.495,0.3625,0.1325,36.5517,2021-11-30 10:43:20 UTC,2021-11-30 10:43:20 UTC,,,,,,,
60,TSLA,2011-12-31,2012-02-15,-0.69,-0.63,-0.06,-9.5238,2021-11-30 10:42:37 UTC,2021-11-30 10:42:37 UTC,,,,,,,
373,LOW,2011-10-31,2011-11-14,0.35,0.33,0.02,6.0606,2021-11-30 11:22:56 UTC,2021-11-30 11:22:56 UTC,,,,,,,
258,AMZN,2011-09-30,2011-10-25,0.14,0.24,-0.1,-41.6667,2021-11-30 11:21:05 UTC,2021-11-30 11:21:05 UTC,,,,,,,
107,AAPL,2011-09-30,2011-10-18,0.2525,0.265,-0.0125,-4.717,2021-11-30 10:43:20 UTC,2021-11-30 10:43:20 UTC,,,,,,,
61,TSLA,2011-09-30,2011-11-02,-0.55,-0.59,0.04,6.7797,2021-11-30 10:42:37 UTC,2021-11-30 10:42:37 UTC,,,,,,,
374,LOW,2011-07-31,2011-08-15,0.68,0.66,0.02,3.0303,2021-11-30 11:22:56 UTC,2021-11-30 11:22:56 UTC,,,,,,,
259,AMZN,2011-06-30,2011-07-26,0.41,0.35,0.06,17.1429,2021-11-30 11:21:05 UTC,2021-11-30 11:21:05 UTC,,,,,,,
108,AAPL,2011-06-30,2011-07-19,0.2775,0.2075,0.07,33.7349,2021-11-30 10:43:20 UTC,2021-11-30 10:43:20 UTC,,,,,,,
62,TSLA,2011-06-30,2011-08-03,-0.53,-0.51,-0.02,-3.9216,2021-11-30 10:42:37 UTC,2021-11-30 10:42:37 UTC,,,,,,,
375,LOW,2011-04-30,2011-05-16,0.34,0.36,-0.02,-5.5556,2021-11-30 11:22:56 UTC,2021-11-30 11:22:56 UTC,,,,,,,
260,AMZN,2011-03-31,2011-04-26,0.44,0.61,-0.17,-27.8689,2021-11-30 11:21:05 UTC,2021-11-30 11:21:05 UTC,,,,,,,
109,AAPL,2011-03-31,2011-04-20,0.2275,0.1925,0.035,18.1818,2021-11-30 10:43:20 UTC,2021-11-30 10:43:20 UTC,,,,,,,
63,TSLA,2011-03-31,2011-05-04,-0.44,-0.51,0.07,13.7255,2021-11-30 10:42:37 UTC,2021-11-30 10:42:37 UTC,,,,,,,
376,LOW,2011-01-31,2011-02-23,0.21,0.18,0.03,16.6667,2021-11-30 11:22:56 UTC,2021-11-30 11:22:56 UTC,,,,,,,
261,AMZN,2010-12-31,2011-01-27,0.91,0.88,0.03,3.4091,2021-11-30 11:21:05 UTC,2021-11-30 11:21:05 UTC,,,,,,,
110,AAPL,2010-12-31,2011-01-18,0.23,0.1925,0.0375,19.4805,2021-11-30 10:43:20 UTC,2021-11-30 10:43:20 UTC,,,,,,,
64,TSLA,2010-12-31,2011-02-15,-0.47,-0.5,0.03,6.0,2021-11-30 10:42:37 UTC,2021-11-30 10:42:37 UTC,,,,,,,
377,LOW,2010-10-31,2010-11-15,0.31,0.3,0.01,3.3333,2021-11-30 11:22:56 UTC,2021-11-30 11:22:56 UTC,,,,,,,
262,AMZN,2010-09-30,2010-10-21,0.51,0.48,0.03,6.25,2021-11-30 11:21:05 UTC,2021-11-30 11:21:05 UTC,,,,,,,
111,AAPL,2010-09-30,2010-10-18,0.165,0.145,0.02,13.7931,2021-11-30 10:43:20 UTC,2021-11-30 10:43:20 UTC,,,,,,,
65,TSLA,2010-09-30,2010-11-09,-0.37,-0.43,0.06,13.9535,2021-11-30 10:42:37 UTC,2021-11-30 10:42:37 UTC,,,,,,,
378,LOW,2010-07-31,2010-08-16,0.58,0.59,-0.01,-1.6949,2021-11-30 11:22:56 UTC,2021-11-30 11:22:56 UTC,,,,,,,
263,AMZN,2010-06-30,2010-07-22,0.45,0.54,-0.09,-16.6667,2021-11-30 11:21:05 UTC,2021-11-30 11:21:05 UTC,,,,,,,
112,AAPL,2010-06-30,2010-07-20,0.125,0.11,0.015,13.6364,2021-11-30 10:43:20 UTC,2021-11-30 10:43:20 UTC,,,,,,,
66,TSLA,2010-06-30,2010-08-05,-0.0812,0.0,0.0,0.0,2021-11-30 10:42:37 UTC,2021-11-30 11:15:54 UTC,,,,,,,
379,LOW,2010-04-30,2010-05-17,0.34,0.31,0.03,9.6774,2021-11-30 11:22:56 UTC,2021-11-30 11:22:56 UTC,,,,,,,
264,AMZN,2010-03-31,2010-04-22,0.66,0.61,0.05,8.1967,2021-11-30 11:21:05 UTC,2021-11-30 11:21:05 UTC,,,,,,,
113,AAPL,2010-03-31,2010-04-20,0.12,0.0875,0.0325,37.1429,2021-11-30 10:43:20 UTC,2021-11-30 10:43:20 UTC,,,,,,,
380,LOW,2010-01-31,2010-02-22,0.14,0.12,0.02,16.6667,2021-11-30 11:22:56 UTC,2021-11-30 11:22:56 UTC,,,,,,,
265,AMZN,2009-12-31,2010-01-28,0.85,0.72,0.13,18.0556,2021-11-30 11:21:05 UTC,2021-11-30 11:21:05 UTC,,,,,,,
114,AAPL,2009-12-31,2010-01-25,0.13,0.075,0.055,73.3333,2021-11-30 10:43:20 UTC,2021-11-30 10:43:20 UTC,,,,,,,
381,LOW,2009-10-31,2009-11-16,0.24,0.24,0.0,0.0,2021-11-30 11:22:56 UTC,2021-11-30 11:22:56 UTC,,,,,,,
266,AMZN,2009-09-30,2009-10-22,0.45,0.33,0.12,36.3636,2021-11-30 11:21:05 UTC,2021-11-30 11:21:05 UTC,,,,,,,
115,AAPL,2009-09-30,2009-10-19,0.065,0.05,0.015,30.0,2021-11-30 10:43:20 UTC,2021-11-30 10:43:20 UTC,,,,,,,
382,LOW,2009-07-31,2009-08-17,0.53,0.54,-0.01,-1.8519,2021-11-30 11:22:56 UTC,2021-11-30 11:22:56 UTC,,,,,,,
267,AMZN,2009-06-30,2009-07-23,0.32,0.31,0.01,3.2258,2021-11-30 11:21:05 UTC,2021-11-30 11:21:05 UTC,,,,,,,
116,AAPL,2009-06-30,2009-07-21,0.0475,0.0425,0.005,11.7647,2021-11-30 10:43:20 UTC,2021-11-30 10:43:20 UTC,,,,,,,
383,LOW,2009-04-30,2009-05-18,0.32,0.25,0.07,28.0,2021-11-30 11:22:56 UTC,2021-11-30 11:22:56 UTC,,,,,,,
268,AMZN,2009-03-31,2009-04-23,0.41,0.31,0.1,32.2581,2021-11-30 11:21:05 UTC,2021-11-30 11:21:05 UTC,,,,,,,
117,AAPL,2009-03-31,2009-04-22,0.0475,0.04,0.0075,18.75,2021-11-30 10:43:20 UTC,2021-11-30 10:43:20 UTC,,,,,,,
384,LOW,2009-01-31,2009-02-20,0.11,0.12,-0.01,-8.3333,2021-11-30 11:22:56 UTC,2021-11-30 11:22:56 UTC,,,,,,,
269,AMZN,2008-12-31,2009-01-29,0.52,0.39,0.13,33.3333,2021-11-30 11:21:05 UTC,2021-11-30 11:21:05 UTC,,,,,,,
118,AAPL,2008-12-31,2009-01-21,0.0625,0.05,0.0125,25.0,2021-11-30 10:43:20 UTC,2021-11-30 10:43:20 UTC,,,,,,,
385,LOW,2008-10-31,2008-11-17,0.33,0.28,0.05,17.8571,2021-11-30 11:22:56 UTC,2021-11-30 11:22:56 UTC,,,,,,,
270,AMZN,2008-09-30,2008-10-22,0.27,0.25,0.02,8.0,2021-11-30 11:21:05 UTC,2021-11-30 11:21:05 UTC,,,,,,,
119,AAPL,2008-09-30,2008-10-21,0.045,0.04,0.005,12.5,2021-11-30 10:43:20 UTC,2021-11-30 10:43:20 UTC,,,,,,,
386,LOW,2008-07-31,2008-08-18,0.64,0.56,0.08,14.2857,2021-11-30 11:22:56 UTC,2021-11-30 11:22:56 UTC,,,,,,,
271,AMZN,2008-06-30,2008-07-23,0.37,0.26,0.11,42.3077,2021-11-30 11:21:05 UTC,2021-11-30 11:21:05 UTC,,,,,,,
120,AAPL,2008-06-30,2008-07-21,0.0425,0.0375,0.005,13.3333,2021-11-30 10:43:20 UTC,2021-11-30 10:43:20 UTC,,,,,,,
387,LOW,2008-04-30,2008-05-19,0.41,0.4,0.01,2.5,2021-11-30 11:22:56 UTC,2021-11-30 11:22:56 UTC,,,,,,,
272,AMZN,2008-03-31,2008-04-23,0.34,0.32,0.02,6.25,2021-11-30 11:21:05 UTC,2021-11-30 11:21:05 UTC,,,,,,,
121,AAPL,2008-03-31,2008-04-23,0.0425,0.0375,0.005,13.3333,2021-11-30 10:43:20 UTC,2021-11-30 10:43:20 UTC,,,,,,,
388,LOW,2008-01-31,2008-02-25,0.28,0.25,0.03,12.0,2021-11-30 11:22:56 UTC,2021-11-30 11:22:56 UTC,,,,,,,
273,AMZN,2007-12-31,2008-01-30,0.48,0.48,0.0,0.0,2021-11-30 11:21:05 UTC,2021-11-30 11:21:05 UTC,,,,,,,
122,AAPL,2007-12-31,2008-01-22,0.25,0.23,0.02,8.6957,2021-11-30 10:43:20 UTC,2021-11-30 10:43:20 UTC,,,,,,,
389,LOW,2007-10-31,2007-11-19,0.43,0.41,0.02,4.878,2021-11-30 11:22:56 UTC,2021-11-30 11:22:56 UTC,,,,,,,
274,AMZN,2007-09-30,2007-10-23,0.19,0.18,0.01,5.5556,2021-11-30 11:21:05 UTC,2021-11-30 11:21:05 UTC,,,,,,,
123,AAPL,2007-09-30,2007-10-22,0.14,0.12,0.02,16.6667,2021-11-30 10:43:20 UTC,2021-11-30 10:43:20 UTC,,,,,,,
390,LOW,2007-07-31,2007-08-20,0.67,0.61,0.06,9.8361,2021-11-30 11:22:56 UTC,2021-11-30 11:22:56 UTC,,,,,,,
275,AMZN,2007-06-30,2007-07-24,0.19,0.16,0.03,18.75,2021-11-30 11:21:05 UTC,2021-11-30 11:21:05 UTC,,,,,,,
124,AAPL,2007-06-30,2007-07-25,0.13,0.1,0.03,30.0,2021-11-30 10:43:20 UTC,2021-11-30 10:43:20 UTC,,,,,,,
391,LOW,2007-04-30,2007-05-21,0.48,0.49,-0.01,-2.0408,2021-11-30 11:22:56 UTC,2021-11-30 11:22:56 UTC,,,,,,,
276,AMZN,2007-03-31,2007-04-24,0.26,0.15,0.11,73.3333,2021-11-30 11:21:05 UTC,2021-11-30 11:21:05 UTC,,,,,,,
125,AAPL,2007-03-31,2007-04-25,0.12,0.09,0.03,33.3333,2021-11-30 10:43:20 UTC,2021-11-30 10:43:20 UTC,,,,,,,
392,LOW,2007-01-31,2007-02-23,0.4,0.37,0.03,8.1081,2021-11-30 11:22:56 UTC,2021-11-30 11:22:56 UTC,,,,,,,
277,AMZN,2006-12-31,2007-02-01,0.23,0.21,0.02,9.5238,2021-11-30 11:21:05 UTC,2021-11-30 11:21:05 UTC,,,,,,,
126,AAPL,2006-12-31,2007-01-17,0.16,0.11,0.05,45.4545,2021-11-30 10:43:20 UTC,2021-11-30 10:43:20 UTC,,,,,,,
393,LOW,2006-10-31,2006-11-20,0.46,0.43,0.03,6.9767,2021-11-30 11:22:56 UTC,2021-11-30 11:22:56 UTC,,,,,,,
278,AMZN,2006-09-30,2006-10-24,0.05,0.03,0.02,66.6667,2021-11-30 11:21:05 UTC,2021-11-30 11:21:05 UTC,,,,,,,
127,AAPL,2006-09-30,2006-10-18,0.09,0.07,0.02,28.5714,2021-11-30 10:43:20 UTC,2021-11-30 10:43:20 UTC,,,,,,,
394,LOW,2006-07-31,2006-08-21,0.6,0.61,-0.01,-1.6393,2021-11-30 11:22:56 UTC,2021-11-30 11:22:56 UTC,,,,,,,
279,AMZN,2006-06-30,2006-07-25,0.05,0.06,-0.01,-16.6667,2021-11-30 11:21:05 UTC,2021-11-30 11:21:05 UTC,,,,,,,
128,AAPL,2006-06-30,2006-07-19,0.08,0.06,0.02,33.3333,2021-11-30 10:43:20 UTC,2021-11-30 10:43:20 UTC,,,,,,,
395,LOW,2006-04-30,2006-05-22,0.53,0.47,0.06,12.766,2021-11-30 11:22:56 UTC,2021-11-30 11:22:56 UTC,,,,,,,
280,AMZN,2006-03-31,2006-04-25,0.12,0.12,0.0,0.0,2021-11-30 11:21:05 UTC,2021-11-30 11:21:05 UTC,,,,,,,
129,AAPL,2006-03-31,2006-04-19,0.07,0.06,0.01,16.6667,2021-11-30 10:43:20 UTC,2021-11-30 10:43:20 UTC,,,,,,,
396,LOW,2006-01-31,2006-02-27,0.44,0.4,0.04,10.0,2021-11-30 11:22:56 UTC,2021-11-30 11:22:56 UTC,,,,,,,
281,AMZN,2005-12-31,2006-02-02,0.47,0.21,0.26,123.8095,2021-11-30 11:21:05 UTC,2021-11-30 11:21:05 UTC,,,,,,,
130,AAPL,2005-12-31,2006-01-18,0.09,0.09,0.0,0.0,2021-11-30 10:43:20 UTC,2021-11-30 10:43:20 UTC,,,,,,,
397,LOW,2005-10-31,2005-11-14,0.41,0.39,0.02,5.1282,2021-11-30 11:22:56 UTC,2021-11-30 11:22:56 UTC,,,,,,,
282,AMZN,2005-09-30,2005-10-25,0.07,0.1,-0.03,-30.0,2021-11-30 11:21:05 UTC,2021-11-30 11:21:05 UTC,,,,,,,
131,AAPL,2005-09-30,2005-10-11,0.05,0.05,0.0,0.0,2021-11-30 10:43:20 UTC,2021-11-30 10:43:20 UTC,,,,,,,
398,LOW,2005-07-31,2005-08-15,0.53,0.51,0.02,3.9216,2021-11-30 11:22:56 UTC,2021-11-30 11:22:56 UTC,,,,,,,
283,AMZN,2005-06-30,2005-07-26,0.12,0.11,0.01,9.0909,2021-11-30 11:21:05 UTC,2021-11-30 11:21:05 UTC,,,,,,,
132,AAPL,2005-06-30,2005-07-13,0.05,0.04,0.01,25.0,2021-11-30 10:43:20 UTC,2021-11-30 10:43:20 UTC,,,,,,,
399,LOW,2005-04-30,2005-05-16,0.37,0.38,-0.01,-2.6316,2021-11-30 11:22:56 UTC,2021-11-30 11:22:56 UTC,,,,,,,
284,AMZN,2005-03-31,2005-04-26,0.18,0.23,-0.05,-21.7391,2021-11-30 11:21:05 UTC,2021-11-30 11:21:05 UTC,,,,,,,
133,AAPL,2005-03-31,2005-04-13,0.05,0.03,0.02,66.6667,2021-11-30 10:43:20 UTC,2021-11-30 10:43:20 UTC,,,,,,,
400,LOW,2005-01-31,2005-02-23,0.32,0.3,0.02,6.6667,2021-11-30 11:22:56 UTC,2021-11-30 11:22:56 UTC,,,,,,,
285,AMZN,2004-12-31,2005-02-02,0.35,0.4,-0.05,-12.5,2021-11-30 11:21:05 UTC,2021-11-30 11:21:05 UTC,,,,,,,
134,AAPL,2004-12-31,2005-01-12,0.05,0.03,0.02,66.6667,2021-11-30 10:43:20 UTC,2021-11-30 10:43:20 UTC,,,,,,,
401,LOW,2004-10-31,2004-11-15,0.33,0.33,0.0,0.0,2021-11-30 11:22:56 UTC,2021-11-30 11:22:56 UTC,,,,,,,
286,AMZN,2004-09-30,2004-10-21,0.17,0.18,-0.01,-5.5556,2021-11-30 11:21:05 UTC,2021-11-30 11:21:05 UTC,,,,,,,
135,AAPL,2004-09-30,2004-10-13,0.02,0.01,0.01,100.0,2021-11-30 10:43:20 UTC,2021-11-30 10:43:20 UTC,,,,,,,
402,LOW,2004-07-31,2004-08-16,0.45,0.45,0.0,0.0,2021-11-30 11:22:56 UTC,2021-11-30 11:22:56 UTC,,,,,,,
287,AMZN,2004-06-30,2004-07-22,0.18,0.19,-0.01,-5.2632,2021-11-30 11:21:05 UTC,2021-11-30 11:21:05 UTC,,,,,,,
136,AAPL,2004-06-30,2004-07-14,0.01,0.01,0.0,0.0,2021-11-30 10:43:20 UTC,2021-11-30 10:43:20 UTC,,,,,,,
403,LOW,2004-04-30,2004-05-17,0.28,0.27,0.01,3.7037,2021-11-30 11:22:56 UTC,2021-11-30 11:22:56 UTC,,,,,,,
288,AMZN,2004-03-31,2004-04-22,0.23,0.2,0.03,15.0,2021-11-30 11:21:05 UTC,2021-11-30 11:21:05 UTC,,,,,,,
137,AAPL,2004-03-31,2004-04-14,0.01,0.01,0.0,0.0,2021-11-30 10:43:20 UTC,2021-11-30 10:43:20 UTC,,,,,,,
404,LOW,2004-01-31,2004-02-23,0.25,0.25,0.0,0.0,2021-11-30 11:22:56 UTC,2021-11-30 11:22:56 UTC,,,,,,,
289,AMZN,2003-12-31,2004-01-27,0.29,0.29,0.0,0.0,2021-11-30 11:21:05 UTC,2021-11-30 11:21:05 UTC,,,,,,,
138,AAPL,2003-12-31,2004-01-14,0.01,0.01,0.0,0.0,2021-11-30 10:43:20 UTC,2021-11-30 10:43:20 UTC,,,,,,,
405,LOW,2003-10-31,2003-11-17,0.28,0.27,0.01,3.7037,2021-11-30 11:22:56 UTC,2021-11-30 11:22:56 UTC,,,,,,,
290,AMZN,2003-09-30,2003-10-21,0.11,0.1,0.01,10.0,2021-11-30 11:21:05 UTC,2021-11-30 11:21:05 UTC,,,,,,,
139,AAPL,2003-09-30,2003-10-15,0.01,0.0,0.0,0.0,2021-11-30 10:43:20 UTC,2021-11-30 10:43:20 UTC,,,,,,,
406,LOW,2003-07-31,2003-08-18,0.38,0.35,0.03,8.5714,2021-11-30 11:22:56 UTC,2021-11-30 11:22:56 UTC,,,,,,,
291,AMZN,2003-06-30,2003-07-22,0.1,0.06,0.04,66.6667,2021-11-30 11:21:05 UTC,2021-11-30 11:21:05 UTC,,,,,,,
140,AAPL,2003-06-30,2003-07-16,0.0009,0.0,0.0,0.0,2021-11-30 10:43:20 UTC,2021-11-30 10:43:20 UTC,,,,,,,
407,LOW,2003-04-30,2003-05-19,0.27,0.26,0.01,3.8462,2021-11-30 11:22:56 UTC,2021-11-30 11:22:56 UTC,,,,,,,
292,AMZN,2003-03-31,2003-04-24,0.1,0.04,0.06,150.0,2021-11-30 11:21:05 UTC,2021-11-30 11:21:05 UTC,,,,,,,
141,AAPL,2003-03-31,2003-04-16,0.0007,0.0,0.0,0.0,2021-11-30 10:43:20 UTC,2021-11-30 10:43:20 UTC,,,,,,,
408,LOW,2003-01-31,2003-02-24,0.2,0.17,0.03,17.6471,2021-11-30 11:22:56 UTC,2021-11-30 11:22:56 UTC,,,,,,,
293,AMZN,2002-12-31,2003-01-23,0.19,0.14,0.05,35.7143,2021-11-30 11:21:05 UTC,2021-11-30 11:21:05 UTC,,,,,,,
142,AAPL,2002-12-31,2003-01-15,-0.0004,0.0,0.0,0.0,2021-11-30 10:43:20 UTC,2021-11-30 10:43:20 UTC,,,,,,,
409,LOW,2002-10-31,2002-11-18,0.22,0.2,0.02,10.0,2021-11-30 11:22:56 UTC,2021-11-30 11:22:56 UTC,,,,,,,
294,AMZN,2002-09-30,2002-10-24,-0.0924,-0.04,-0.0524,-131.0,2021-11-30 11:21:05 UTC,2021-11-30 11:21:05 UTC,,,,,,,
143,AAPL,2002-09-30,2002-10-16,-0.0022,0.0,0.0,0.0,2021-11-30 10:43:20 UTC,2021-11-30 10:43:20 UTC,,,,,,,
410,LOW,2002-07-31,2002-08-19,0.3,0.27,0.03,11.1111,2021-11-30 11:22:56 UTC,2021-11-30 11:22:56 UTC,,,,,,,
295,AMZN,2002-06-30,2002-07-23,-0.01,-0.06,0.05,83.3333,2021-11-30 11:21:05 UTC,2021-11-30 11:21:05 UTC,,,,,,,
144,AAPL,2002-06-30,2002-07-16,0.01,0.01,0.0,0.0,2021-11-30 10:43:20 UTC,2021-11-30 10:43:20 UTC,,,,,,,
411,LOW,2002-04-30,2002-05-20,0.22,0.18,0.04,22.2222,2021-11-30 11:22:56 UTC,2021-11-30 11:22:56 UTC,,,,,,,
296,AMZN,2002-03-31,2002-04-23,-0.01,-0.09,0.08,88.8889,2021-11-30 11:21:05 UTC,2021-11-30 11:21:05 UTC,,,,,,,
145,AAPL,2002-03-31,2002-04-18,0.002,0.0,0.0,0.0,2021-11-30 10:43:20 UTC,2021-11-30 10:43:20 UTC,,,,,,,
412,LOW,2002-01-31,2002-02-25,0.14,0.13,0.01,7.6923,2021-11-30 11:22:56 UTC,2021-11-30 11:22:56 UTC,,,,,,,
297,AMZN,2001-12-31,2002-01-22,0.09,-0.07,0.16,228.5714,2021-11-30 11:21:05 UTC,2021-11-30 11:21:05 UTC,,,,,,,
146,AAPL,2001-12-31,2002-01-16,0.01,0.01,0.0,0.0,2021-11-30 10:43:20 UTC,2021-11-30 10:43:20 UTC,,,,,,,
413,LOW,2001-10-31,2001-11-19,0.16,0.15,0.01,6.6667,2021-11-30 11:22:56 UTC,2021-11-30 11:22:56 UTC,,,,,,,
298,AMZN,2001-09-30,2001-10-23,-0.16,-0.16,0.0,0.0,2021-11-30 11:21:05 UTC,2021-11-30 11:21:05 UTC,,,,,,,
147,AAPL,2001-09-30,2001-10-18,0.0034,0.0,0.0,0.0,2021-11-30 10:43:20 UTC,2021-11-30 10:43:20 UTC,,,,,,,
414,LOW,2001-07-31,2001-08-20,0.21,0.2,0.01,5.0,2021-11-30 11:22:56 UTC,2021-11-30 11:22:56 UTC,,,,,,,
299,AMZN,2001-06-30,2001-07-23,-0.16,-0.22,0.06,27.2727,2021-11-30 11:21:05 UTC,2021-11-30 11:21:05 UTC,,,,,,,
148,AAPL,2001-06-30,2001-07-18,0.003,0.0,0.0,0.0,2021-11-30 10:43:20 UTC,2021-11-30 10:43:20 UTC,,,,,,,
415,LOW,2001-04-30,2001-05-21,0.14,0.14,0.0,0.0,2021-11-30 11:22:56 UTC,2021-11-30 11:22:56 UTC,,,,,,,
300,AMZN,2001-03-31,2001-04-24,-0.21,-0.25,0.04,16.0,2021-11-30 11:21:05 UTC,2021-11-30 11:21:05 UTC,,,,,,,
149,AAPL,2001-03-31,2001-04-18,0.01,0.0,0.0,0.0,2021-11-30 10:43:20 UTC,2021-11-30 10:43:20 UTC,,,,,,,
416,LOW,2001-01-31,2001-02-26,0.05,0.09,-0.04,-44.4444,2021-11-30 11:22:56 UTC,2021-11-30 11:22:56 UTC,,,,,,,
301,AMZN,2000-12-31,2001-01-30,-0.25,-0.26,0.01,3.8462,2021-11-30 11:21:05 UTC,2021-11-30 11:21:05 UTC,,,,,,,
150,AAPL,2000-12-31,2000-12-31,-0.0103,0.0,0.0,0.0,2021-11-30 10:43:20 UTC,2021-11-30 10:43:20 UTC,,,,,,,
417,LOW,2000-10-31,2000-11-13,0.13,0.13,0.0,0.0,2021-11-30 11:22:56 UTC,2021-11-30 11:22:56 UTC,,,,,,,
302,AMZN,2000-09-30,2000-10-24,-0.25,-0.29,0.04,13.7931,2021-11-30 11:21:05 UTC,2021-11-30 11:21:05 UTC,,,,,,,
151,AAPL,2000-09-30,2000-10-18,0.01,0.01,0.0,0.0,2021-11-30 10:43:20 UTC,2021-11-30 10:43:20 UTC,,,,,,,
418,LOW,2000-07-31,2000-08-14,0.18,0.18,0.0,0.0,2021-11-30 11:22:57 UTC,2021-11-30 11:22:57 UTC,,,,,,,
303,AMZN,2000-06-30,2000-07-26,-0.33,-0.35,0.02,5.7143,2021-11-30 11:21:05 UTC,2021-11-30 11:21:05 UTC,,,,,,,
152,AAPL,2000-06-30,2000-07-18,0.03,0.03,0.0,0.0,2021-11-30 10:43:20 UTC,2021-11-30 10:43:20 UTC,,,,,,,
419,LOW,2000-04-30,2000-05-15,0.12,0.12,0.0,0.0,2021-11-30 11:22:57 UTC,2021-11-30 11:22:57 UTC,,,,,,,
304,AMZN,2000-03-31,2000-04-26,-0.35,-0.36,0.01,2.7778,2021-11-30 11:21:05 UTC,2021-11-30 11:21:05 UTC,,,,,,,
153,AAPL,2000-03-31,2000-04-19,0.03,0.03,0.0,0.0,2021-11-30 10:43:20 UTC,2021-11-30 10:43:20 UTC,,,,,,,
420,LOW,2000-01-31,2000-02-18,0.1,0.09,0.01,11.1111,2021-11-30 11:22:57 UTC,2021-11-30 11:22:57 UTC,,,,,,,
305,AMZN,1999-12-31,2000-02-02,-0.55,-0.49,-0.06,-12.2449,2021-11-30 11:21:05 UTC,2021-11-30 11:21:05 UTC,,,,,,,
154,AAPL,1999-12-31,2000-01-19,0.04,0.03,0.01,33.3333,2021-11-30 10:43:20 UTC,2021-11-30 10:43:20 UTC,,,,,,,
421,LOW,1999-10-31,1999-11-15,0.11,0.1,0.01,10.0,2021-11-30 11:22:57 UTC,2021-11-30 11:22:57 UTC,,,,,,,
306,AMZN,1999-09-30,1999-10-27,-0.26,-0.28,0.02,7.1429,2021-11-30 11:21:05 UTC,2021-11-30 11:21:05 UTC,,,,,,,
155,AAPL,1999-09-30,1999-10-13,0.02,0.02,0.0,0.0,2021-11-30 10:43:20 UTC,2021-11-30 10:43:20 UTC,,,,,,,
422,LOW,1999-07-31,1999-08-16,0.15,0.15,0.0,0.0,2021-11-30 11:22:57 UTC,2021-11-30 11:22:57 UTC,,,,,,,
307,AMZN,1999-06-30,1999-07-21,-0.25,-0.26,0.01,3.8462,2021-11-30 11:21:05 UTC,2021-11-30 11:21:05 UTC,,,,,,,
156,AAPL,1999-06-30,1999-07-14,0.02,0.02,0.0,0.0,2021-11-30 10:43:20 UTC,2021-11-30 10:43:20 UTC,,,,,,,
423,LOW,1999-04-30,1999-05-17,0.09,0.08,0.01,12.5,2021-11-30 11:22:57 UTC,2021-11-30 11:22:57 UTC,,,,,,,
308,AMZN,1999-03-31,1999-04-28,-0.11,-0.14,0.03,21.4286,2021-11-30 11:21:05 UTC,2021-11-30 11:21:05 UTC,,,,,,,
157,AAPL,1999-03-31,1999-04-14,0.02,0.02,0.0,0.0,2021-11-30 10:43:20 UTC,2021-11-30 10:43:20 UTC,,,,,,,
424,LOW,1999-01-31,1999-02-22,0.08,0.07,0.01,14.2857,2021-11-30 11:22:57 UTC,2021-11-30 11:22:57 UTC,,,,,,,
309,AMZN,1998-12-31,1999-01-26,-0.07,-0.09,0.02,22.2222,2021-11-30 11:21:05 UTC,2021-11-30 11:21:05 UTC,,,,,,,
158,AAPL,1998-12-31,1999-01-13,0.03,0.02,0.01,50.0,2021-11-30 10:43:20 UTC,2021-11-30 10:43:20 UTC,,,,,,,
425,LOW,1998-10-31,1998-11-16,0.08,0.08,0.0,0.0,2021-11-30 11:22:57 UTC,2021-11-30 11:22:57 UTC,,,,,,,
310,AMZN,1998-09-30,1998-10-28,-0.08,-0.1,0.02,20.0,2021-11-30 11:21:05 UTC,2021-11-30 11:21:05 UTC,,,,,,,
159,AAPL,1998-09-30,1998-10-14,0.02,0.02,0.0,0.0,2021-11-30 10:43:21 UTC,2021-11-30 10:43:21 UTC,,,,,,,
426,LOW,1998-07-31,1998-08-17,0.12,0.12,0.0,0.0,2021-11-30 11:22:57 UTC,2021-11-30 11:22:57 UTC,,,,,,,
311,AMZN,1998-06-30,1998-07-22,-0.07,-0.07,0.0,0.0,2021-11-30 11:21:05 UTC,2021-11-30 11:21:05 UTC,,,,,,,
160,AAPL,1998-06-30,1998-07-15,0.02,0.01,0.01,100.0,2021-11-30 10:43:21 UTC,2021-11-30 10:43:21 UTC,,,,,,,
427,LOW,1998-04-30,1998-05-18,0.07,0.06,0.01,16.6667,2021-11-30 11:22:57 UTC,2021-11-30 11:22:57 UTC,,,,,,,
312,AMZN,1998-03-31,1998-04-27,-0.03,-0.04,0.01,25.0,2021-11-30 11:21:05 UTC,2021-11-30 11:21:05 UTC,,,,,,,
161,AAPL,1998-03-31,1998-04-15,0.01,0.01,0.0,0.0,2021-11-30 10:43:21 UTC,2021-11-30 10:43:21 UTC,,,,,,,
428,LOW,1998-01-31,1998-02-23,0.05,0.05,0.0,0.0,2021-11-30 11:22:57 UTC,2021-11-30 11:22:57 UTC,,,,,,,
313,AMZN,1997-12-31,1998-01-22,-0.03,-0.04,0.01,25.0,2021-11-30 11:21:05 UTC,2021-11-30 11:21:05 UTC,,,,,,,
162,AAPL,1997-12-31,1998-01-14,0.01,0.01,0.0,0.0,2021-11-30 10:43:21 UTC,2021-11-30 10:43:21 UTC,,,,,,,
429,LOW,1997-10-31,1997-11-17,0.06,0.06,0.0,0.0,2021-11-30 11:22:57 UTC,2021-11-30 11:22:57 UTC,,,,,,,
314,AMZN,1997-09-30,1997-10-27,-0.03,-0.03,0.0,0.0,2021-11-30 11:21:05 UTC,2021-11-30 11:21:05 UTC,,,,,,,
163,AAPL,1997-09-30,1997-10-15,-0.0114,0.0,0.0,0.0,2021-11-30 10:43:21 UTC,2021-11-30 10:43:21 UTC,,,,,,,
430,LOW,1997-07-31,1997-08-18,0.09,0.09,0.0,0.0,2021-11-30 11:22:57 UTC,2021-11-30 11:22:57 UTC,,,,,,,
315,AMZN,1997-06-30,1997-07-10,-0.02,-0.03,0.01,33.3333,2021-11-30 11:21:05 UTC,2021-11-30 11:21:05 UTC,,,,,,,
164,AAPL,1997-06-30,1997-07-16,-0.02,-0.02,0.0,0.0,2021-11-30 10:43:21 UTC,2021-11-30 10:43:21 UTC,,,,,,,
431,LOW,1997-04-30,1997-05-19,0.05,0.05,0.0,0.0,2021-11-30 11:22:57 UTC,2021-11-30 11:22:57 UTC,,,,,,,
165,AAPL,1997-03-31,1997-04-16,-0.05,-0.04,-0.01,-25.0,2021-11-30 10:43:21 UTC,2021-11-30 10:43:21 UTC,,,,,,,
432,LOW,1997-01-31,1997-02-24,0.04,0.04,0.0,0.0,2021-11-30 11:22:57 UTC,2021-11-30 11:22:57 UTC,,,,,,,
166,AAPL,1996-12-31,1997-01-15,-0.03,-0.02,-0.01,-50.0,2021-11-30 10:43:21 UTC,2021-11-30 10:43:21 UTC,,,,,,,
433,LOW,1996-10-31,1996-11-13,0.05,0.05,0.0,0.0,2021-11-30 11:22:57 UTC,2021-11-30 11:22:57 UTC,,,,,,,
167,AAPL,1996-09-30,1996-10-16,0.0018,-0.01,0.0118,118.0,2021-11-30 10:43:21 UTC,2021-11-30 10:43:21 UTC,,,,,,,
434,LOW,1996-07-31,1996-08-14,0.08,0.08,0.0,0.0,2021-11-30 11:22:57 UTC,2021-11-30 11:22:57 UTC,,,,,,,
168,AAPL,1996-06-30,1996-07-17,-0.02,-0.04,0.02,50.0,2021-11-30 10:43:21 UTC,2021-11-30 10:43:21 UTC,,,,,,,
435,LOW,1996-04-30,1996-05-14,0.04,0.03,0.01,33.3333,2021-11-30 11:22:57 UTC,2021-11-30 11:22:57 UTC,,,,,,,
169,AAPL,1996-03-31,1996-04-17,-0.07,-0.05,-0.02,-40.0,2021-11-30 10:43:21 UTC,2021-11-30 10:43:21 UTC,,,,,,,
436,LOW,1996-01-31,1996-02-20,0.03,0.03,0.0,0.0,2021-11-30 11:22:57 UTC,2021-11-30 11:22:57 UTC,,,,,,,
